2810 4338
595 687 2193 929 Mein lieber Keszler Gyula!
445 914 2495 1190 Überreicher dieser Zeiten, den ich dir
319 1105 2671 1338 bestens empfehle ist ein allgemein bekannter
325 1267 2405 1526 Orgelkünstler, der in Amerika sein
309 1414 2426 1673 glück versuchen will. Kannst du ihm
361 1555 2524 1822 irgendwie in seiner Karriére beistehen,
2147 1500 2494 1650 fördern
279 1701 2606 1999 so wird das deinem Ruhm ein Lorblattbérblatt
340 1879 2634 2147 hinzufügen. Er wird dir mein neuestes
350 2051 2328 2293 Er wird dir mein neuestes buch
342 2217 2542 2478 überreichen, nimm es freundlich auf,
344 2411 2488 2644 wenn du es auch nicht lesen kannst.
364 2562 2371 2786 Mann muss nicht Alles lesen. Zu vieles
351 2729 1827 2953 Lesen macht frühzeitig alt.
1429 2880 2504 3128 Dein einstiger Lehrer
1752 3123 2066 3334 J. K
1209 4061 1333 4217 1
