7840 3268
2917 707 4852 923 den Budapest den 20a Märcz 1887
5238 674 7087 932 Pr Öef 150.-
2637 952 7049 1154 am 2a Juli 1907 zahlen Sie gegen diesen Prima Wechsel
2203 1211 7009 1362 an die Ordre meine signum die summe von
2166 1396 7155 1699 Hundertfünfzig Gulden in üb. wächs.
2232 1752 7021 1931 den Werth zu Barum und stellen solhen auf Rechnung ohne Bericht
2654 1988 4541 2130 Herrn Josef Kiss
2667 2147 5736 2354 in Temesvár, Josefst., Schwanzug. 12
2671 2367 4145 2573 Zahlbar Budapest
6281 1933 6866 2144 D.Grosz
5880 2016 6894 2531 angenommen
6074 2377 6929 2792 Jozef Kiss
