3207 4219
143 160 3088 418 hallgatta panaszomat, a mely
135 395 3095 628 nagyon sok magamforma asz¬
127 612 3095 863 szonyé is, – ígérem, hogy ismét
131 855 3052 1074 előfizetek, sőt három szodszéd¬
140 1062 3074 1292 nőmet is rábeszélem (ha el is
137 1263 3172 1527 kell dugniok egyik másik számot
151 1503 3144 1745 családjok némely tagja elől), hogy
148 1736 3150 1952 a mai időkben oly divatos, örö¬
133 1920 3152 2222 kös és végnélküli Gyurkovics his¬
122 2172 2859 2466 tóriák helyett olvassák a Hétet.
145 2407 3147 2702 Önnek a „Hét” nélkül is fel¬
137 2686 1830 2963 tétlen bámúlója
894 2996 3126 3360 Fröhlichné Móricz Paula
